<record xmlns="http://www.loc.gov/MARC21/slim" xmlns:xsi="http://www.w3.org/2001/XMLSchema-instance" xsi:schemaLocation="http://www.loc.gov/MARC21/slim http://www.loc.gov/standards/marcxml/schema/MARC21slim.xsd"><leader>00771cz   2200217n  4500</leader><controlfield tag="001">oca00092761 </controlfield><controlfield tag="005">20010204092619.0</controlfield><controlfield tag="008">801002n| acannaabn          |a aaa      </controlfield><datafield ind1=" " ind2=" " tag="010"><subfield code="a">n  50058180 </subfield></datafield><datafield ind1=" " ind2=" " tag="040"><subfield code="a">DLC</subfield><subfield code="b">eng</subfield><subfield code="c">DLC</subfield><subfield code="d">DLC</subfield><subfield code="d">LNT</subfield></datafield><datafield ind1="0" ind2=" " tag="100"><subfield code="a">Bacchylides</subfield></datafield><datafield ind1="0" ind2=" " tag="400"><subfield code="a">Bakchylides</subfield></datafield><datafield ind1="0" ind2=" " tag="400"><subfield code="a">Vakchylidēs</subfield></datafield><datafield ind1="0" ind2=" " tag="400"><subfield code="a">Bacchylide</subfield></datafield><datafield ind1="0" ind2=" " tag="400"><subfield code="a">Bacchilide</subfield></datafield><datafield ind1=" " ind2=" " tag="670"><subfield code="a">Blass, F.</subfield><subfield code="b">Bacchylidis Carmina ... 1904-</subfield></datafield><datafield ind1=" " ind2=" " tag="670"><subfield code="a">His Vakchylidēs, 1978:</subfield><subfield code="b">t.p. (Vakchylidēs)</subfield></datafield><datafield ind1=" " ind2=" " tag="670"><subfield code="a">Dithyrambes, épinicies, fragments, 1993:</subfield><subfield code="b">t.p. (Bacchylide)</subfield></datafield><datafield ind1=" " ind2=" " tag="670"><subfield code="a">Die Lieder des Bakchylides, 1997.</subfield></datafield><datafield ind1=" " ind2=" " tag="670"><subfield code="a">Oxford classical dict., 1949</subfield><subfield code="b">(Bacchylides, fl. 5th cent. B.C., lyric poet)</subfield></datafield><datafield ind1=" " ind2=" " tag="670"><subfield code="a">I temi e i motivi della lirica corale ellenica, 1997:</subfield><subfield code="b">t.p. (Bacchilide)</subfield></datafield></record>